@book{example,
  author = {Example},
  title  = {Title},
  date   = {2020}
}